@inproceedings{he2019bounding,
  title={Bounding box regression with uncertainty for accurate object detection},
  author={He, Yihui and Zhu, Chenchen and Wang, Jianren and Savvides, Marios and Zhang, Xiangyu},
  booktitle={Proceedings of the IEEE Conference on Computer Vision and Pattern Recognition},
  pages={2888--2897},
  year={2019}
}

 
@article{rajchl2016deepcut,
  title={Deepcut: Object segmentation from bounding box annotations using convolutional neural networks},
  author={Rajchl, Martin and Lee, Matthew CH and Oktay, Ozan and Kamnitsas, Konstantinos and Passerat-Palmbach, Jonathan and Bai, Wenjia and Damodaram, Mellisa and Rutherford, Mary A and Hajnal, Joseph V and Kainz, Bernhard and others},
  journal={IEEE transactions on medical imaging},
  volume={36},
  number={2},
  pages={674--683},
  year={2016},
  publisher={IEEE}
}

 
@article{pedregosa2011scikit,
  title={Scikit-learn: Machine learning in Python},
  author={Pedregosa, Fabian and Varoquaux, Ga{\"e}l and Gramfort, Alexandre and Michel, Vincent and Thirion, Bertrand and Grisel, Olivier and Blondel, Mathieu and Prettenhofer, Peter and Weiss, Ron and Dubourg, Vincent and others},
  journal={Journal of machine learning research},
  volume={12},
  number={Oct},
  pages={2825--2830},
  year={2011}
}

@inproceedings{liu2012dog,
  title={Dog breed classification using part localization},
  author={Liu, Jiongxin and Kanazawa, Angjoo and Jacobs, David and Belhumeur, Peter},
  booktitle={European conference on computer vision},
  pages={172--185},
  year={2012},
  organization={Springer}
}


@inproceedings{khosla2011novel,
  title={Novel dataset for fine-grained image categorization: Stanford dogs},
  author={Khosla, Aditya and Jayadevaprakash, Nityananda and Yao, Bangpeng and Li, Fei-Fei},
  booktitle={Proc. CVPR Workshop on Fine-Grained Visual Categorization (FGVC)},
  volume={2},
  number={1},
  year={2011}
}

@inproceedings{deng2009imagenet,
  title={Imagenet: A large-scale hierarchical image database},
  author={Deng, Jia and Dong, Wei and Socher, Richard and Li, Li-Jia and Li, Kai and Fei-Fei, Li},
  booktitle={2009 IEEE conference on computer vision and pattern recognition},
  pages={248--255},
  year={2009},
  organization={Ieee}
}


@article{voith2009comparison,
  title={Comparison of adoption agency breed identification and DNA breed identification of dogs},
  author={Voith, Victoria L and Ingram, Elizabeth and Mitsouras, Katherine and Irizarry, Kristopher},
  journal={Journal of Applied Animal Welfare Science},
  volume={12},
  number={3},
  pages={253--262},
  year={2009},
  publisher={Taylor \& Francis}
}

@article{lowe2004distinctive,
  title={Distinctive image features from scale-invariant keypoints},
  author={Lowe, David G},
  journal={International journal of computer vision},
  volume={60},
  number={2},
  pages={91--110},
  year={2004},
  publisher={Springer}
}

